<record><leader>00000cas a2200000 i 4500</leader><controlfield tag="001">872606506</controlfield><controlfield tag="008">140313d20012002utu x n       0    0eng c</controlfield><datafield ind1=" " ind2=" " tag="010"><subfield code="a">  2014269157</subfield></datafield><datafield ind1=" " ind2=" " tag="040"><subfield code="a">UBY</subfield><subfield code="b">eng</subfield><subfield code="e">rda</subfield><subfield code="c">UBY</subfield><subfield code="d">DLC</subfield></datafield><datafield ind1=" " ind2=" " tag="042"><subfield code="a">pcc</subfield></datafield><datafield ind1=" " ind2=" " tag="043"><subfield code="a">n-us-ut</subfield></datafield><datafield ind1=" " ind2="4" tag="050"><subfield code="a">LH1</subfield><subfield code="b">.F57</subfield></datafield><datafield ind1="0" ind2="4" tag="245"><subfield code="a">The firearm.</subfield></datafield><datafield ind1=" " ind2="1" tag="264"><subfield code="a">[Provo, Utah] :</subfield><subfield code="b">[Publisher not identified],</subfield><subfield code="c">2001-2002.</subfield></datafield><datafield ind1=" " ind2=" " tag="300"><subfield code="a">2 volumes ;</subfield><subfield code="c">28 cm</subfield></datafield><datafield ind1=" " ind2=" " tag="310"><subfield code="a">2-3 issues per month.</subfield></datafield><datafield ind1=" " ind2=" " tag="336"><subfield code="a">text</subfield><subfield code="2">rdacontent</subfield></datafield><datafield ind1=" " ind2=" " tag="337"><subfield code="a">unmediated</subfield><subfield code="2">rdamedia</subfield></datafield><datafield ind1=" " ind2=" " tag="338"><subfield code="a">sheet</subfield><subfield code="2">rdacarrier</subfield></datafield><datafield ind1="1" ind2=" " tag="362"><subfield code="a">Began with Volume 1, Issue 1 (September 4, 2001); ceased with Volume 2, Issue 7 &amp; 8 (April 17 &amp; 24, 2002)</subfield></datafield><datafield ind1=" " ind2=" " tag="500"><subfield code="a">An independent student newspaper.</subfield></datafield><datafield ind1=" " ind2=" " tag="500"><subfield code="a">Produced by students of Brigham Young University.</subfield></datafield><datafield ind1=" " ind2=" " tag="500"><subfield code="a">Each issue published on a single sheet printed on one side only.</subfield></datafield><datafield ind1=" " ind2=" " tag="588"><subfield code="a">Description based on: Volume 1, Issue 1 (September 4, 2001); title from caption.</subfield></datafield><datafield ind1=" " ind2=" " tag="588"><subfield code="a">Latest issue consulted: Volume 2, Issue 7 &amp; 8 (April 17 &amp; 24, 2002).</subfield></datafield><datafield ind1="2" ind2="0" tag="610"><subfield code="a">Brigham Young University</subfield><subfield code="x">Students</subfield><subfield code="v">Newspapers.</subfield></datafield><datafield ind1=" " ind2="0" tag="651"><subfield code="a">Provo (Utah)</subfield><subfield code="v">Newspapers.</subfield></datafield><datafield ind1=" " ind2="0" tag="651"><subfield code="a">Utah County (Utah)</subfield><subfield code="v">Newspapers.</subfield></datafield><datafield ind1=" " ind2="0" tag="650"><subfield code="a">Mormons</subfield><subfield code="v">Newspapers.</subfield></datafield><datafield ind1=" " ind2="0" tag="655"><subfield code="a">Newspapers.</subfield></datafield><datafield ind1=" " ind2="0" tag="655"><subfield code="a">College student newspapers and periodicals</subfield><subfield code="z">Utah.</subfield></datafield><datafield ind1=" " ind2="0" tag="655"><subfield code="a">Student publications</subfield><subfield code="z">Utah.</subfield></datafield><datafield ind1="1" ind2=" " tag="700"><subfield code="a">Berthrong, Andrew,</subfield><subfield code="e">editor.</subfield></datafield></record>